<record><leader>00000cas a22000007a 4500</leader><controlfield tag="001">23860976</controlfield><controlfield tag="008">910530d19191929ncucr ne      0    0eng d</controlfield><datafield ind1=" " ind2=" " tag="010"><subfield code="a">sn 91068196 </subfield></datafield><datafield ind1=" " ind2=" " tag="040"><subfield code="a">NVJ</subfield><subfield code="b">eng</subfield><subfield code="c">NVJ</subfield><subfield code="d">OCLCQ</subfield></datafield><datafield ind1=" " ind2=" " tag="042"><subfield code="a">msc</subfield></datafield><datafield ind1="0" ind2="4" tag="245"><subfield code="a">The Stanly news-herald.</subfield></datafield><datafield ind1=" " ind2=" " tag="260"><subfield code="a">Albemarle, N.C. :</subfield><subfield code="b">Herald Co.</subfield></datafield><datafield ind1=" " ind2=" " tag="300"><subfield code="a">v.</subfield></datafield><datafield ind1=" " ind2=" " tag="310"><subfield code="a">Semiweekly</subfield></datafield><datafield ind1="0" ind2=" " tag="362"><subfield code="a">Dec. 18, 1919-</subfield></datafield><datafield ind1="1" ind2=" " tag="362"><subfield code="a">Ceased in Nov. 1929.</subfield></datafield><datafield ind1=" " ind2=" " tag="752"><subfield code="a">United States</subfield><subfield code="b">North Carolina</subfield><subfield code="c">Stanly</subfield><subfield code="d">Albemarle.</subfield></datafield><datafield ind1="0" ind2="4" tag="780"><subfield code="t">Stanly County herald</subfield><subfield code="w">(DLC)sn 91068203</subfield></datafield><datafield ind1="0" ind2="4" tag="780"><subfield code="t">Albemarle news</subfield></datafield><datafield ind1="0" ind2="7" tag="785"><subfield code="t">Albemarle press</subfield><subfield code="w">(DLC)sn 91068199</subfield></datafield><datafield ind1="0" ind2="7" tag="785"><subfield code="t">Stanly news and press</subfield><subfield code="w">(DLC)sn 91068204</subfield></datafield></record>